@online{ucn,
year = 2016,
url = {http://www.ucn.dk},
}

@unpublished{Q14,
author={Group 2, UCN},
title = {Third semester report},
note = {Chapter 10, board schematics},
year = 2016,
}

@online{HDL,
author={Wikipedia},
title = {Hardware description language},
year = 2016,
url = {https://en.wikipedia.org/wiki/Hardware_description_language},
}

@online{CPLD,
author={Wikipedia},
title = {Complex programmable logic device },
year = 2017,
url = {https://en.wikipedia.org/wiki/Complex_programmable_logic_device},
}